% Encoding: UTF-8

@Article{article:IA,
  author  = {Iberdrola},
  title   = {¿Qué es la Inteligencia Artificial?},
  journal = {\url{https://www.iberdrola.com/innovacion/que-es-inteligencia-artificial}},
  year    = {2020},
}

@Book{book:alphago,
  title     = {Deep Learning and The Game of Go},
  publisher = {Manning},
  year      = {2019},
  author    = {Max Pumperla y Kevin ferguson},
}

@Article{article:deeplearning,
  author  = {Carlos García Moreno},
  title   = {¿Qué es el Deep Learning y para qué sirve?},
  journal = {Indra Blog Neo},
  year    = {2020},
  note    = {\url{https://www.indracompany.com/es/blogneo/deep-learning-sirve}},
}

@Article{article:redesNeuronales,
  author  = {Juan Gómez Romero},
  title   = {Sistemas Inteligentes para la Gestión de la Empresa. Tema 4: Modelos avanzados Deep Learning},
  journal = {Universidad de Granada},
  year    = {2019},
}

@Article{article:redNeuronal,
  author  = {Claudio Amorim},
  title   = {Imagen de red neuronal},
  journal = {.},
  year    = {consultado en 2020},
  note    = {\url{https://artfromcode.wordpress.com/2017/04/18/red-neuronal-en-python-con-numpy-parte-1/}},
}

@Article{article:redNeuronal2,
  author  = {Irene Alvarado engineer and creative technologist},
  title   = {redes Neuronales},
  journal = {Github},
  year    = {Consultado en 2020},
  note    = {\url{https://ml4a.github.io/ml4a/es/neural_networks/}},
}

@Article{article:redesNeuronalesMicrosoft,
  author  = {James McCaffrey},
  title   = {Clasificación y predicción con el uso de redes neuronales},
  journal = {Microsoft docs},
  year    = {2016},
  note    = {\url{https://docs.microsoft.com/es-es/archive/msdn-magazine/2012/july/test-run-classification-and-prediction-using-neural-networks}},
}

@Book{book:redesNeuronales,
  title     = {Redes Neuronales Artificiales},
  publisher = {Pablo A. Lotito},
  year      = {2019},
  author    = {Ariel E. Repetur},
  editor    = {Trabajo Final},
  note      = {\url{https://www.ridaa.unicen.edu.ar/xmlui/bitstream/handle/123456789/2058/Trabajo%20Final%20Repetur.pdf?sequence=1&isAllowed=y}},
}

@Article{article:ejemploGDS,
  author  = {Fernando Sancho Caparrini},
  title   = {Ejemplo de gradiente descendente estocástico.},
  journal = {Imagen},
  year    = {consultado en 2020},
  note    = {\url{http://www.cs.us.es/~fsancho/?e=165}},
}

@Book{book:TFGredes,
  title     = {Clasificación de Obras de Arte Por Estilo Artístico Usando Redes Neuronales Convolucionales},
  publisher = {Universidad Politécnica de Madrid},
  year      = {2019},
  author    = {Ismael Pérez Roldán},
  note      = {\url{http://oa.upm.es/56163/1/TFG_ISMAEL_PEREZ_ROLDAN.pdf}},
}

@Article{article:go,
  author  = {Ludoteka},
  title   = {Go},
  journal = {Ludoteka.com},
  year    = {Consultado en 2020},
  note    = {\url{http://www.ludoteka.com/juego-go.html}},
}

@Article{article:RLwikipedia,
  author  = {Wikipedia},
  title   = {Gráfica de aprendizaje por refuerzo.},
  journal = {Imagen},
  year    = {consultado en 2020},
  note    = {\url{https://es.wikipedia.org/wiki/Aprendizaje_por_refuerzo}},
}

@Article{article:openAI,
  author  = {OpenAI},
  title   = {About OpenAI},
  journal = {Página web oficial},
  year    = {2020},
  note    = {\url{https://openai.com/about/}},
}

@Article{article:openAI2,
  author  = {OpenAI},
  title   = {Progresos de OpenAI},
  journal = {Página web oficial},
  year    = {2020},
  note    = {\url{https://openai.com/progress/}},
}

@Article{article:baselines,
  author  = {OpenAI},
  title   = {OpenAI baselines},
  journal = {Repositorio Github oficial},
  year    = {2020},
  note    = {\url{https://github.com/openai/baselines}},
}

@Article{article:DeepMind,
  author  = {Google},
  title   = {DeepMind},
  journal = {Página web oficial},
  year    = {2020},
  note    = {\url{https://deepmind.com/}},
}

@Article{article:leesedol,
  author  = {Crustian Rus},
  title   = {'AlphaGo' es el documental de Netflix que mejor explica lo que supuso la victoria de la IA de Google al campeón de Go.},
  journal = {Xataka},
  year    = {2018},
  note    = {\url{https://www.xataka.com/cine-y-tv/alphago-es-el-documental-de-netflix-que-mejor-explica-lo-que-supuso-la-victoria-de-la-ia-de-google-al-campeon-de-go}},
}

@Article{article:leesedol2,
  author  = {Netflix},
  title   = {Alphago},
  journal = {Documental},
  year    = {2017},
  note    = {\url{https://www.alphagomovie.com/}},
}

@Article{article:vinyals,
  author  = {Oriol Vinyals},
  title   = {AlphaStar: Mastering the Real Time Strategy Game StarCraft II - Oriol Vinyals},
  journal = {Youtube},
  year    = {2019},
  note    = {\url{https://www.youtube.com/watch?v=3UdH3lPF7nE}},
}

@Article{article:vinyals2,
  author  = {Marcos Merino},
  title   = {La inteligencia artificial AlphaStar se proclama 'gran maestro' de Starcraft II en igualdad de condiciones frente a los humanos.},
  journal = {Xataka},
  year    = {2019},
  note    = {\url{https://www.xataka.com/inteligencia-artificial/inteligencia-artificial-alphastar-se-proclama-gran-maestro-starcraft-ii-igualdad-condiciones-frente-a-humanos}},
}

@Article{article:gym,
  author  = {OpenAI},
  title   = {Gym},
  journal = {Página web oficial},
  year    = {2020},
  note    = {\url{https://gym.openai.com/}},
}

@Article{article:PPO2_1,
  author  = {OpenAI},
  title   = {Proximal Policy Optimization (PPO2)},
  journal = {Página web oficial},
  year    = {2017},
  note    = {\url{https://openai.com/blog/openai-baselines-ppo/}},
}

@Article{article:PPO2,
  author  = {John Schulman \& Filip Wolski \& Prafulla Dhariwal \& Alec Radford \& Oleg Klimov},
  title   = {Proximal Policy Optimization Algorithms},
  journal = {DeepMind},
  year    = {2017},
  note    = {\url{https://arxiv.org/pdf/1707.06347.pdf}},
}

@Article{article:DQN,
  author  = {OpenAI},
  title   = {OpenAI Baselines: DQN},
  journal = {Página web oficial},
  year    = {2017},
  note    = {\url{https://openai.com/blog/openai-baselines-dqn/}},
}

@Article{article:DDPG,
  author  = {Timothy P. Lillicrap \& Jonathan J. Hunt \& Alexander Pritzel \& Nicolas Heess \& Tom Erez Yuval Tassa \& David Silver \& Daan Wierstra},
  title   = {Continuous control with deep reinforcement learning},
  journal = {DeepMind},
  year    = {2019},
  note    = {\url{https://arxiv.org/pdf/1509.02971.pdf}},
}

@Article{article:DDPG_2,
  author  = {OpenAI},
  title   = {Better Exploration with Parameter Noise},
  journal = {Página web oficial},
  year    = {2017},
  url     = {https://blog.openai.com/better-exploration-with-parameter-noise/},
}

@Article{article:entornos,
  author  = {OpenAI},
  title   = {Table of environments},
  journal = {Github},
  year    = {2020},
  note    = {\url{https://github.com/openai/gym/wiki/Table-of-environments}},
}

@Article{article:mountain,
  author  = {OpenAI},
  title   = {https://gym.openai.com/envs/MountainCar-v0/},
  journal = {Entornos Gym},
  year    = {2020},
  note    = {\url{https://gym.openai.com/envs/MountainCar-v0/}},
}

@Article{article:mountain2,
  author  = {OpenAi},
  title   = {Detalles técnicos del entorno MountainCar v0},
  journal = {Github},
  year    = {2020},
  note    = {\url{https://github.com/openai/gym/wiki/MountainCar-v0}},
}

@Article{article:pkl,
  author  = {FileInfo},
  title   = {.PKL File Extension},
  journal = {Página oficial},
  year    = {2020},
  note    = {\url{https://fileinfo.com/extension/pkl}},
}

@Article{article:ping,
  author  = {gcpping},
  title   = {Measure your latency to GCP regions},
  journal = {gcpping.com},
  year    = {2020},
  note    = {\url{http://www.gcping.com/}},
}

@Article{article:cuota,
  author  = {Jacques Thibodeau},
  title   = {Cómo solicitar aumento de cuota de GPU en Google Cloud},
  journal = {it-swarm},
  year    = {2017},
  note    = {\url{https://www.it-swarm.dev/es/google-cloud-platform/como-solicitar-aumento-de-cuota-de-gpu-en-google-cloud/833474100/}},
}

@Article{article:gcloud,
  author  = {Google},
  title   = {Descripción general de la herramienta de línea de comandos de gcloud},
  journal = {Google Cloud CLI},
  year    = {2020},
  note    = {\url{https://cloud.google.com/sdk/gcloud?hl=es-419}},
}

@Article{article:ansible,
  author  = {Red Hat},
  title   = {Provisioning Ansible},
  journal = {Red Hat Ansible},
  year    = {2020},
  note    = {\url{https://www.ansible.com/use-cases/provisioning}},
}

@Article{article:anaconda,
  author  = {Anaconda},
  title   = {Who is Anaconda?},
  journal = {Página oficial},
  year    = {2020},
  note    = {\url{https://www.anaconda.com/about-us}},
}

@Article{article:tensorflow,
  author  = {Tensorflow},
  title   = {Why TensorFlow},
  journal = {Página oficial},
  year    = {2020},
  note    = {\url{https://www.tensorflow.org/about}},
}

@Article{article:scp,
  author  = {Linuxize},
  title   = {How to Use SCP Command to Securely Transfer Files},
  journal = {Página de Linuxize},
  year    = {2019},
  note    = {\url{https://linuxize.com/post/how-to-use-scp-command-to-securely-transfer-files/}},
}

@Article{article:mountaincontinuous,
  author  = {OpenAI},
  title   = {MountainCarContinuous v0},
  journal = {Github},
  year    = {2020},
  note    = {\url{https://github.com/openai/gym/wiki/MountainCarContinuous-v0}},
}

@Article{article:plot,
  author  = {OpenAI},
  title   = {Loading and visualizing results (open in colab)},
  journal = {Github},
  year    = {2020},
  note    = {\url{https://github.com/openai/baselines/blob/master/docs/viz/viz.ipynb}},
}

@Article{article:stablebaselinesinstalation,
  author  = {Docs Github},
  title   = {Installation},
  journal = {Stable-Baselines Official},
  year    = {2020},
  note    = {\url{https://stable-baselines.readthedocs.io/en/master/guide/install.html}},
}

@Article{article:PPO2error,
  author  = {LupusPrudens},
  title   = {PPO struggling at MountainCar whereas DDPG is solving it very easily. Any guesses as to why?},
  journal = {Reddit},
  year    = {2019},
  note    = {\url{https://www.reddit.com/r/reinforcementlearning/comments/9o8ez0/ppo_struggling_at_mountaincar_whereas_ddpg_is/}},
}

@Article{article:ddpgError1,
  author  = {Sumsamkhan},
  title   = {Saving and restoring DDPG agent},
  journal = {Github issue},
  year    = {2017},
  note    = {\url{https://github.com/openai/baselines/issues/162}},
}

@Book{book:stablebaselines,
  title     = {Stable Baselines Documentation},
  publisher = {Página oficial},
  year      = {2020},
  author    = {Stable Baselines Contributors},
  editor    = {Release 2.10.1a0},
  note      = {\url{https://readthedocs.org/projects/stable-baselines/downloads/pdf/master/}},
}

@Article{article:stablebaselines,
  author  = {Stable Baselines},
  title   = {Welcome to Stable Baselines docs! - RL Baselines Made Easy},
  journal = {Github Docs},
  year    = {2020},
  note    = {\url{https://stable-baselines.readthedocs.io/en/master/}},
}

@Article{article:codigoDDPG,
  author  = {Stable Baselines},
  title   = {DDPG},
  journal = {Página oficial},
  year    = {2020},
  note    = {\url{https://stable-baselines.readthedocs.io/en/master/modules/ddpg.html}},
}

@Article{article:stableDDPG,
  author  = {Stable Baselines},
  title   = {Examples},
  journal = {Página oficial},
  year    = {2020},
  note    = {\url{https://stable-baselines.readthedocs.io/en/master/guide/examples.html}},
}

@Book{book:berzal,
  title     = {Redes Neuronales y Deep Learning},
  publisher = {Amazon},
  year      = {2019},
  author    = {Fernando Berzal},
  editor    = {.},
  note      = {\url{https://sites.google.com/view/redes-neuronales/}},
}

@Article{article:RLromero,
  author  = {Juan Gómez Romero},
  title   = {Curso sobre Aprendizaje Profundo por Refuerzo en ECI 2019},
  journal = {Github},
  year    = {2019},
  note    = {\url{https://github.com/jgromero/eci2019-DRL}},
}

@Book{book:miguel,
  title     = {Deep Reinforcement Learning},
  publisher = {Grokking},
  year      = {2018},
  author    = {Miguel Morales},
  editor    = {Manning},
}

@Book{book:barto,
  title     = {Reinforcement Learning},
  publisher = {MIT Press},
  year      = {2018},
  author    = {Richard S. Sutton y Andrew G. Barto},
  editor    = {.},
}

@Article{article:gta,
  author  = {Craig Quiter},
  title   = {DeepDrive Universe},
  journal = {Youtube},
  year    = {2017},
  note    = {\url{https://www.youtube.com/watch?time_continue=26&v=X4u2DCOLoIg&feature=emb_logo}},
}

@Article{article:GPUgoogle,
  author  = {Google},
  title   = {Instala controladores de GPU},
  journal = {Documentación},
  year    = {2020},
  url     = {https://cloud.google.com/compute/docs/gpus/install-drivers-gpu#ubuntu-driver-steps},
}

@Article{article:sparse,
  author  = {Joshua Hare},
  title   = {Dealing with Sparse Rewards in Reinforcement Learning},
  journal = {University of Sheffield},
  year    = {2019},
  url     = {https://arxiv.org/pdf/1910.09281.pdf},
}

@Article{article:DQN2,
  author  = {Jianqing Fan, Zhaoran Wang†, Yuchen Xie† \& Zhuoran Yang},
  title   = {A Theoretical Analysis of Deep Q-Learning},
  journal = {Cornell University},
  year    = {2020},
  url     = {https://arxiv.org/pdf/1901.00137v3.pdf},
}

@Article{article:DoubleQLearning,
  author  = {Hado van Hasselt},
  title   = {Double Q-learning},
  journal = {Multi-agent and Adaptive Computation Group Centrum Wiskunde \& Informatica},
  year    = {2020},
  url     = {https://papers.nips.cc/paper/3964-double-q-learning.pdf},
}

@Article{article:basadopolitica,
  author  = {Richard S. Sutton, David McAllester, Satinder Singh \& Yishay Mansour},
  title   = {Policy Gradient Methods for Reinforcement Learning with Function Approximation},
  journal = {AT\&T Labs},
  year    = {2000},
  url     = {https://papers.nips.cc/paper/1713-policy-gradient-methods-for-reinforcement-learning-with-function-approximation.pdf},
}

@Article{article:VPG,
  author  = {OpenAI},
  title   = {Vanilla Policy Gradient},
  journal = {OpenAI Spinning Up},
  year    = {2018},
  url     = {https://spinningup.openai.com/en/latest/algorithms/vpg.html},
}

@Article{article:TRPO,
  author  = {Trust Region Policy Optimization},
  title   = {John Schulman, Sergey Levine, Philipp Moritz , Michael Jordan \& Pieter Abbeel},
  journal = {Pieter AbbeelUniversity of California, Berkeley, Department of Electrical Engineering and Computer Sciences},
  year    = {2017},
  url     = {https://arxiv.org/pdf/1502.05477.pdf},
}

@Article{article:A2C,
  author  = {OpenAI Baselines},
  title   = {OpenAI Baselines: ACKTR \& A2C},
  journal = {OpenAI Web},
  year    = {2017},
  url     = {https://openai.com/blog/baselines-acktr-a2c/},
}

@Article{article:A3C,
  author  = {Volodymyr Mnih Adria Puigdomenech Badia Mehdi Mirza Alex Graves Timothy P. Lillicrap Tim Harley David Silver \& Koray Kavukcuoglu},
  title   = {Asynchronous Methods for Deep Reinforcement Learning},
  journal = {Cornell University},
  year    = {2016},
  url     = {https://arxiv.org/pdf/1602.01783.pdf},
}

@Article{article:gymretro,
  author  = {OpenAI},
  title   = {Gym Retro},
  journal = {Github},
  year    = {2020},
  url     = {https://github.com/openai/retro/tree/fb44c13fa5bb59353afa1d5f752d73638f74cc7f},
}

@Article{article:retroobservations,
  author  = {OpenAI},
  title   = {Gormato observaciones Gym Retro},
  journal = {Github},
  year    = {2020},
  url     = {https://github.com/openai/retro/blob/fb44c13fa5bb59353afa1d5f752d73638f74cc7f/retro/enums.py},
}

@Article{article:redesbaselines,
  author  = {OpenAI},
  title   = {Tipos de redes en baselines},
  journal = {Github},
  year    = {2020},
  url     = {https://github.com/openai/baselines/blob/master/baselines/common/models.py},
}

@Article{article:compatibilidades,
  author  = {TensorFlow},
  title   = {Configuraciones de compilación probadas (Linux)},
  journal = {Página web oficial},
  year    = {2020},
  url     = {https://www.tensorflow.org/install/source#tested_build_configurations},
}

@Article{article:convimagen1,
  author  = {Jordi Torres.AI},
  title   = {DEEP LEARNING: INTRODUCCIÓN PRÁCTICA CON KERAS (PRIMERA PARTE) (imagen extraída)},
  journal = {Web Jordi Torres.AI},
  year    = {2020},
  url     = {https://torres.ai/deep-learning-inteligencia-artificial-keras/},
}

@Article{article:convimagen2,
  author  = {Vicente Rodríguez},
  title   = {Redes neuronales convolucionales (imagen extraída)},
  journal = {Página web},
  year    = {2018},
  url     = {https://vincentblog.xyz/posts/redes-neuronales-convolucionales},
}

@Article{article:convimagen3,
  author  = {Jaime Crispi},
  title   = {Introducción al deep learning parte 2: Redes Neuronales Convolucionales (imagen extraída)},
  journal = {Medium Web},
  year    = {2019},
  url     = {https://medium.com/@jcrispis56/introducci%C3%B3n-al-deep-learning-parte-2-redes-neuronales-convolucionales-f743266d22a0},
}

@Comment{jabref-meta: databaseType:bibtex;}
